@inproceedings{cDBNs,
  author = {Lee, Honglak and Grosse, Roger and Ranganath, Rajesh and Ng, Andrew Y.},
  title = {Convolutional Deep Belief Networks for Scalable Unsupervised Learning of Hierarchical Representations},
  booktitle = {Proceedings of the 26th Annual International Conference on Machine Learning},
  series = {ICML '09},
  year = {2009},
  isbn = {978-1-60558-516-1},
  pages = {609--616},
  numpages = {8},
  url = {http://doi.acm.org/10.1145/1553374.1553453},
  doi = {10.1145/1553374.1553453},
  acmid = {1553453},
  publisher = {ACM},
  address = {New York, NY, USA},
}

@article{rnaBindingPredictionDBNs,
  title={A deep learning framework for modeling structural features of RNA-binding protein targets},
  author={Zhang, Sai and Zhou, Jingtian and Hu, Hailin and Gong, Haipeng and Chen, Ligong and Cheng, Chao and Zeng, Jianyang},
  journal={Nucleic acids research},
  pages={gkv1025},
  year={2015},
  publisher={Oxford Univ Press}
}

@article{dhsAnalysis,
  title={The accessible chromatin landscape of the human genome},
  author={Thurman, Robert E and Rynes, Eric and Humbert, Richard and Vierstra, Jeff and Maurano, Matthew T and Haugen, Eric and Sheffield, Nathan C and Stergachis, Andrew B and Wang, Hao and Vernot, Benjamin and others},
  journal={Nature},
  volume={489},
  number={7414},
  pages={75--82},
  year={2012},
  publisher={Nature Publishing Group}
}

@incollection{introMathRBM,
  title={An introduction to restricted Boltzmann machines},
  author={Fischer, Asja and Igel, Christian},
  booktitle={Progress in Pattern Recognition, Image Analysis, Computer Vision, and Applications},
  pages={14--36},
  year={2012},
  publisher={Springer}
}

@article{deepBind,
  title={Predicting the sequence specificities of DNA-and RNA-binding proteins by deep learning},
  author={Alipanahi, Babak and Delong, Andrew and Weirauch, Matthew T and Frey, Brendan J},
  journal={Nature biotechnology},
  year={2015},
  publisher={Nature Publishing Group}
}

@masterthesis{cRBMMaster,
  author = {Mohammad Norouzi},
  title = {Convolutional Restricted Boltzmann Machines for Feature Learning},
  year = {2009},
  school = {Simon Fraser University}
}

@article{hintonPractical,
  title={A practical guide to training restricted Boltzmann machines},
  author={Hinton, Geoffrey},
  journal={Momentum},
  volume={9},
  number={1},
  pages={926},
  year={2010}
}

@article{meme,
  title={MEME SUITE: tools for motif discovery and searching},
  author={Bailey, Timothy L and Boden, Mikael and Buske, Fabian A and Frith, Martin and Grant, Charles E and Clementi, Luca and Ren, Jingyuan and Li, Wilfred W and Noble, William S},
  journal={Nucleic acids research},
  pages={gkp335},
  year={2009},
  publisher={Oxford Univ Press}
}

@inproceedings{theano,
     author = {Bergstra, James and Breuleux, Olivier and Bastien, Fr{\'{e}}d{\'{e}}ric and Lamblin, Pascal and Pascanu, Razvan and Desjardins, Guillaume and Turian, Joseph and Warde-Farley, David and Bengio, Yoshua},
      month = jun,
      title = {Theano: a {CPU} and {GPU} Math Expression Compiler},
  booktitle = {Proceedings of the Python for Scientific Computing Conference ({SciPy})},
       year = {2010},
   location = {Austin, TX},
       note = {Oral Presentation},
   abstract = {Theano is a compiler for mathematical expressions in Python that combines the convenience of NumPy’s syntax with the speed of optimized native machine language. The user composes mathematical expressions in a high-level description that mimics NumPy’s syntax and semantics, while being statically typed and
functional (as opposed to imperative). These expressions allow Theano to provide symbolic differentiation. Before performing computation, Theano optimizes the choice of expressions, translates
them into C++ (or CUDA for GPU), compiles them into dynamically loaded Python modules, all automatically. Common machine learning algorithms implemented with Theano are from 1.6× to 7.5× faster than competitive alternatives (including those implemented with C/C++, NumPy/SciPy and MATLAB) when compiled for the
CPU and between 6.5× and 44× faster when compiled for the GPU. This paper illustrates how to use Theano, outlines the scope of the compiler, provides benchmarks on both CPU and GPU processors, and explains its overall design.}
}

@article{dhsDiscovery,
  title={The chromatin structure of specific genes: I. Evidence for higher order domains of defined DNA sequence},
  author={Wu, Carl and Bingham, Paul M and Livak, Kenneth J and Holmgren, Robert and Elgin, Sarah CR},
  journal={Cell},
  volume={16},
  number={4},
  pages={797--806},
  year={1979},
  publisher={Elsevier}
}

@article{markersInDHS,
  title={Nuclease hypersensitive sites in chromatin},
  author={Gross, David S and Garrard, William T},
  journal={Annual review of biochemistry},
  volume={57},
  number={1},
  pages={159--197},
  year={1988},
  publisher={Annual Reviews 4139 El Camino Way, PO Box 10139, Palo Alto, CA 94303-0139, USA}
}

@book{perceptron,
  title={The perceptron, a perceiving and recognizing automaton Project Para},
  author={Rosenblatt, Frank},
  year={1957},
  publisher={Cornell Aeronautical Laboratory}
}

@inproceedings{nlpANN,
  title={A unified architecture for natural language processing: Deep neural networks with multitask learning},
  author={Collobert, Ronan and Weston, Jason},
  booktitle={Proceedings of the 25th international conference on Machine learning},
  pages={160--167},
  year={2008},
  organization={ACM}
}

@article{roboticsANN,
  title={An efficient neural network approach to dynamic robot motion planning},
  author={Yang, Simon X and Meng, Max},
  journal={Neural Networks},
  volume={13},
  number={2},
  pages={143--148},
  year={2000},
  publisher={Elsevier}
}

@inproceedings{visionANN,
  title={Learning deep features for scene recognition using places database},
  author={Zhou, Bolei and Lapedriza, Agata and Xiao, Jianxiong and Torralba, Antonio and Oliva, Aude},
  booktitle={Advances in neural information processing systems},
  pages={487--495},
  year={2014}
}

@article{backprop,
  title={Beyond regression: New tools for prediction and analysis in the behavioral sciences},
  author={Werbos, Paul},
  year={1974}
}

@techreport{xorProblem,
  title={Learning internal representations by error propagation},
  author={Rumelhart, David E and Hinton, Geoffrey E and Williams, Ronald J},
  year={1985},
  institution={DTIC Document}
}

@article{cnnOriginal,
  title={Gradient-based learning applied to document recognition},
  author={LeCun, Yann and Bottou, L{\'e}on and Bengio, Yoshua and Haffner, Patrick},
  journal={Proceedings of the IEEE},
  volume={86},
  number={11},
  pages={2278--2324},
  year={1998},
  publisher={IEEE}
}

@book{mackayLearning,
  title={Information theory, inference and learning algorithms},
  author={MacKay, David JC},
  year={2003},
  publisher={Cambridge university press}
}

@book{elementsStats,
  title={The elements of statistical learning},
  author={Friedman, Jerome and Hastie, Trevor and Tibshirani, Robert},
  volume={1},
  year={2001},
  publisher={Springer series in statistics Springer, Berlin}
}

@book{bishop,
  title={Pattern Recognition and Machine Learning},
  author={Bishop, C.M.},
  isbn={9780387310732},
  lccn={2006922522},
  series={Information Science and Statistics},
  url={https://books.google.de/books?id=kTNoQgAACAAJ},
  year={2006},
  publisher={Springer}
}

@misc{overviewGD,
  title = {An overview of gradient descent optimization algorithms},
  author={Sebastian Ruder},
  howpublished = {\url{http://sebastianruder.com/optimizing-gradient-descent/index.html}},
  note = {Accessed: 2016-06-02}
}

@article{rbmDimReduction,
  title={Reducing the dimensionality of data with neural networks},
  author={Hinton, Geoffrey E and Salakhutdinov, Ruslan R},
  journal={Science},
  volume={313},
  number={5786},
  pages={504--507},
  year={2006},
  publisher={American Association for the Advancement of Science}
}

@article{backgroundKeene,
  title={Advancing the functional utility of PAR-CLIP by quantifying background binding to mRNAs and lncRNAs},
  author={Friedersdorf, Matthew B and Keene, Jack D},
  journal={Genome biology},
  volume={15},
  number={1},
  pages={1--16},
  year={2014},
  publisher={Springer}
}

@article{granthamScore,
  title={Amino acid difference formula to help explain protein evolution},
  author={Grantham, R},
  journal={Science},
  volume={185},
  number={4154},
  pages={862--864},
  year={1974},
  publisher={American Association for the Advancement of Science}
}

@article{SIFToriginal,
  title={SIFT: Predicting amino acid changes that affect protein function},
  author={Ng, Pauline C and Henikoff, Steven},
  journal={Nucleic acids research},
  volume={31},
  number={13},
  pages={3812--3814},
  year={2003},
  publisher={Oxford Univ Press}
}

@article{brombergSNAP,
  title={SNAP: predict effect of non-synonymous polymorphisms on function},
  author={Bromberg, Yana and Rost, Burkhard},
  journal={Nucleic acids research},
  volume={35},
  number={11},
  pages={3823--3835},
  year={2007},
  publisher={Oxford Univ Press}
}

@article{yates2014suspect,
  title={SuSPect: enhanced prediction of single amino acid variant (SAV) phenotype using network features},
  author={Yates, Christopher M and Filippis, Ioannis and Kelley, Lawrence A and Sternberg, Michael JE},
  journal={Journal of molecular biology},
  volume={426},
  number={14},
  pages={2692--2701},
  year={2014},
  publisher={Elsevier}
}

@article{pires2014duet,
  title={DUET: a server for predicting effects of mutations on protein stability using an integrated computational approach},
  author={Pires, Douglas EV and Ascher, David B and Blundell, Tom L},
  journal={Nucleic acids research},
  pages={gku411},
  year={2014},
  publisher={Oxford Univ Press}
}

@misc{lecunConvADF, 
  author={LeCun, Yann},
  title={L'apprentissage profond: une révolution en intelligence artificielle},
  howpublished="\url{http://www.college-de-france.fr/site/yann-lecun/course-2016-02-26-11h00.htm}",
  year={2015}, 
  note = {Accessed: 2016-06-26}
}

@article{piranha,
  title={Site identification in high-throughput RNA--protein interaction data},
  author={Uren, Philip J and Bahrami-Samani, Emad and Burns, Suzanne C and Qiao, Mei and Karginov, Fedor V and Hodges, Emily and Hannon, Gregory J and Sanford, Jeremy R and Penalva, Luiz OF and Smith, Andrew D},
  journal={Bioinformatics},
  volume={28},
  number={23},
  pages={3013--3020},
  year={2012},
  publisher={Oxford Univ Press}
}

@article{zinba,
  title={ZINBA integrates local covariates with DNA-seq data to identify broad and narrow regions of enrichment, even within amplified genomic regions},
  author={Rashid, Naim U and Giresi, Paul G and Ibrahim, Joseph G and Sun, Wei and Lieb, Jason D},
  journal={Genome biology},
  volume={12},
  number={7},
  pages={1},
  year={2011},
  publisher={BioMed Central}
}

@article{weblogo,
  title={WebLogo: a sequence logo generator},
  author={Crooks, Gavin E and Hon, Gary and Chandonia, John-Marc and Brenner, Steven E},
  journal={Genome research},
  volume={14},
  number={6},
  pages={1188--1190},
  year={2004},
  publisher={Cold Spring Harbor Lab}
}

@article{cudnn,
  title={cudnn: Efficient primitives for deep learning},
  author={Chetlur, Sharan and Woolley, Cliff and Vandermersch, Philippe and Cohen, Jonathan and Tran, John and Catanzaro, Bryan and Shelhamer, Evan},
  journal={arXiv preprint arXiv:1410.0759},
  year={2014}
}

@article{inefficientBatch,
  title={The general inefficiency of batch training for gradient descent learning},
  author={Wilson, D Randall and Martinez, Tony R},
  journal={Neural Networks},
  volume={16},
  number={10},
  pages={1429--1451},
  year={2003},
  publisher={Elsevier}
}

@article{efficientBatch,
  title={Representation theory and invariant neural networks},
  author={Wood, Jeffrey and Shawe-Taylor, John},
  journal={Discrete applied mathematics},
  volume={69},
  number={1},
  pages={33--60},
  year={1996},
  publisher={Elsevier}
}

@inproceedings{sermanet2011traffic,
  title={Traffic sign recognition with multi-scale convolutional networks},
  author={Sermanet, Pierre and LeCun, Yann},
  booktitle={Neural Networks (IJCNN), The 2011 International Joint Conference on},
  pages={2809--2813},
  year={2011},
  organization={IEEE}
}

@article{encode,
  title={An integrated encyclopedia of DNA elements in the human genome},
  author={ENCODE Project Consortium and others},
  journal={Nature},
  volume={489},
  number={7414},
  pages={57--74},
  year={2012},
  publisher={Nature Publishing Group}
}

@article{jaspar,
  title={JASPAR 2016: a major expansion and update of the open-access database of transcription factor binding profiles},
  author={Mathelier, Anthony and Fornes, Oriol and Arenillas, David J and Chen, Chih-yu and Denay, Gr{\'e}goire and Lee, Jessica and Shi, Wenqiang and Shyr, Casper and Tan, Ge and Worsley-Hunt, Rebecca and others},
  journal={Nucleic acids research},
  pages={gkv1176},
  year={2015},
  publisher={Oxford Univ Press}
}

@article{TOMTOM,
  title={Quantifying similarity between motifs},
  author={Gupta, Shobhit and Stamatoyannopoulos, John A and Bailey, Timothy L and Noble, William Stafford},
  journal={Genome biology},
  volume={8},
  number={2},
  pages={1},
  year={2007},
  publisher={BioMed Central}
}

@article{maf_tf_family,
  title={The small MAF transcription factors MAFF, MAFG and MAFK: current knowledge and perspectives},
  author={Kannan, Meenakshi B and Solovieva, Vera and Blank, Volker},
  journal={Biochimica et Biophysica Acta (BBA)-Molecular Cell Research},
  volume={1823},
  number={10},
  pages={1841--1846},
  year={2012},
  publisher={Elsevier}
}

@article{biopython,
  title={Biopython: freely available Python tools for computational molecular biology and bioinformatics},
  author={Cock, Peter JA and Antao, Tiago and Chang, Jeffrey T and Chapman, Brad A and Cox, Cymon J and Dalke, Andrew and Friedberg, Iddo and Hamelryck, Thomas and Kauff, Frank and Wilczynski, Bartek and others},
  journal={Bioinformatics},
  volume={25},
  number={11},
  pages={1422--1423},
  year={2009},
  publisher={Oxford Univ Press}
}

@inproceedings{persistentCDoriginal,
  title={Training restricted Boltzmann machines using approximations to the likelihood gradient},
  author={Tieleman, Tijmen},
  booktitle={Proceedings of the 25th international conference on Machine learning},
  pages={1064--1071},
  year={2008},
  organization={ACM}
}

@article{gcBias,
  title={Summarizing and correcting the GC content bias in high-throughput sequencing},
  author={Benjamini, Yuval and Speed, Terence P},
  journal={Nucleic acids research},
  pages={gks001},
  year={2012},
  publisher={Oxford Univ Press}
}

@article{backclipData,
  title={BackCLIP: a tool to identify common background presence in PAR-CLIP datasets},
  author={Reyes-Herrera, PH and Speck-Hernandez, CA and Sierra, CA and Herrera, S},
  journal={Bioinformatics},
  pages={btv442},
  year={2015},
  publisher={Oxford Univ Press}
}

@article{HNNRPLLunspecific,
  title={Regulation of CD45 alternative splicing by heterogeneous ribonucleoprotein, hnRNPLL},
  author={Oberdoerffer, Shalini and Moita, Luis Ferreira and Neems, Daniel and Freitas, Rui P and Hacohen, Nir and Rao, Anjana},
  journal={Science},
  volume={321},
  number={5889},
  pages={686--691},
  year={2008},
  publisher={American Association for the Advancement of Science}
}

@article{HuRunspecific,
  title={Posttranscriptional orchestration of an anti-apoptotic program by HuR},
  author={Abdelmohsen, Kotb and Lal, Ashish and Kim, Hyeon Ho and Gorospe, Myriam},
  journal={Cell cycle},
  volume={6},
  number={11},
  pages={1288--1292},
  year={2007},
  publisher={Taylor \& Francis}
}

@misc{MNIST,
  title={The MNIST database of handwritten digits},
  author={LeCun, Yann and Cortes, Corinna and Burges, Christopher JC},
  year={1998}
}

@inproceedings{GTSRB,
  title={The German traffic sign recognition benchmark: a multi-class classification competition},
  author={Stallkamp, Johannes and Schlipsing, Marc and Salmen, Jan and Igel, Christian},
  booktitle={Neural Networks (IJCNN), The 2011 International Joint Conference on},
  pages={1453--1460},
  year={2011},
  organization={IEEE}
}

@article{ILSVRC15,
Author = {Olga Russakovsky and Jia Deng and Hao Su and Jonathan Krause and Sanjeev Satheesh and Sean Ma and Zhiheng Huang and Andrej Karpathy and Aditya Khosla and Michael Bernstein and Alexander C. Berg and Li Fei-Fei},
Title = {{ImageNet Large Scale Visual Recognition Challenge}},
Year = {2015},
journal   = {International Journal of Computer Vision (IJCV)},
doi = {10.1007/s11263-015-0816-y},
volume={115},
number={3},
pages={211-252}
}

@article{basset,
  title={Basset: Learning the regulatory code of the accessible genome with deep convolutional neural networks},
  author={Kelley, David R and Snoek, Jasper and Rinn, John L},
  journal={Genome research},
  year={2016},
  publisher={Cold Spring Harbor Lab}
}

@article{wikiImage,
  title={Correlation between DNase I hypersensitive site distribution and gene expression in HeLa S3 cells},
  author={Wang, Ya-Mei and Zhou, Ping and Wang, Li-Yong and Li, Zhen-Hua and Zhang, Yao-Nan and Zhang, Yu-Xiang},
  journal={PloS one},
  volume={7},
  number={8},
  pages={e42414},
  year={2012},
  publisher={Public Library of Science}
}

@article{hmmMotifFinder,
  title={Binding site discovery from nucleic acid sequences by discriminative learning of hidden Markov models},
  author={Maaskola, Jonas and Rajewsky, Nikolaus},
  journal={Nucleic acids research},
  volume={42},
  number={21},
  pages={12995--13011},
  year={2014},
  publisher={Oxford Univ Press}
}

@article{memechip,
  title={MEME-ChIP: motif analysis of large DNA datasets},
  author={Machanick, Philip and Bailey, Timothy L},
  journal={Bioinformatics},
  volume={27},
  number={12},
  pages={1696--1697},
  year={2011},
  publisher={Oxford Univ Press}
}

@inproceedings{motifDiscoveryNPhard,
  title={Combinatorial approaches to finding subtle signals in DNA sequences.},
  author={Pevzner, Pavel A and Sze, Sing-Hoi and others},
  booktitle={ISMB},
  volume={8},
  pages={269--278},
  year={2000}
}

@article{reviewMotifDiscovery,
  title={A review of ensemble methods for de novo motif discovery in ChIP-Seq data},
  author={Lihu, Andrei and Holban, {\c{S}}tefan},
  journal={Briefings in bioinformatics},
  pages={bbv022},
  year={2015},
  publisher={Oxford Univ Press}
}

@article{whatAreMotifs,
  title={What are DNA sequence motifs?},
  author={D'haeseleer, Patrik},
  journal={Nature biotechnology},
  volume={24},
  number={4},
  pages={423--425},
  year={2006},
  publisher={Nature Publishing Group}
}

@inproceedings{RBMClassifier,
  title={Classification using discriminative restricted Boltzmann machines},
  author={Larochelle, Hugo and Bengio, Yoshua},
  booktitle={Proceedings of the 25th international conference on Machine learning},
  pages={536--543},
  year={2008},
  organization={ACM}
}

@article{CDoriginal,
  title={Training products of experts by minimizing contrastive divergence},
  author={Hinton, Geoffrey E},
  journal={Neural computation},
  volume={14},
  number={8},
  pages={1771--1800},
  year={2002},
  publisher={MIT Press}
}

@inproceedings{rbmCollaborativeFiltering,
  title={Restricted Boltzmann machines for collaborative filtering},
  author={Salakhutdinov, Ruslan and Mnih, Andriy and Hinton, Geoffrey},
  booktitle={Proceedings of the 24th international conference on Machine learning},
  pages={791--798},
  year={2007},
  organization={ACM}
}

@incollection{efficientBackProp,
  title={Efficient backprop},
  author={LeCun, Yann A and Bottou, L{\'e}on and Orr, Genevieve B and M{\"u}ller, Klaus-Robert},
  booktitle={Neural networks: Tricks of the trade},
  pages={9--48},
  year={2012},
  publisher={Springer}
}

@misc{hintonCourseANN,
  title={Neural Networks for Machine Learning},
  author={Hinton, Geoffrey E},
  institution={University of Toronto},
  howpublished="\url{https://www.coursera.org/learn/neural-networks}",
  year={2014},
  note={Accessed: 2016-07-22}
}

@misc{cvTipps,
  title={Cross-validation: evaluating estimator performance},
  author={Scikit-learn developers},
  howpublished="\url{http://scikit-learn.org/stable/modules/cross_validation.html}",
  year={2014},
  note={Accessed: 2016-07-22}
}

@article{secondaryStructureImportance,
  title={Predicting in vivo binding sites of RNA-binding proteins using mRNA secondary structure},
  author={Li, Xiao and Quon, Gerald and Lipshitz, Howard D and Morris, Quaid},
  journal={Rna},
  volume={16},
  number={6},
  pages={1096--1107},
  year={2010},
  publisher={Cold Spring Harbor Lab}
}

@article{PARCLIPControlNeeded,
  title={Identification of RNA--protein interaction networks using PAR-CLIP},
  author={Ascano, Manuel and Hafner, Markus and Cekan, Pavol and Gerstberger, Stefanie and Tuschl, Thomas},
  journal={Wiley Interdisciplinary Reviews: Rna},
  volume={3},
  number={2},
  pages={159--177},
  year={2012},
  publisher={Wiley Online Library}
}

@article{biasNormalization,
  title={Normalization, bias correction, and peak calling for ChIP-seq},
  author={Diaz, Aaron and Park, Kiyoub and Lim, Daniel A and Song, Jun S and others},
  journal={Stat Appl Genet Mol Biol},
  volume={11},
  number={3},
  pages={9},
  year={2012}
}
